@inproceedings{Balachandran2009,
  author = {Balachandran, V. and Deepak, P. and Khemani, D.},
  title = {Interpretable and reconfigurable clustering of document datasets by deriving word-based rules},
  booktitle = {18th ACM Conference on Information and Knowledge Management (CIKM)},
  pages = {1773-1776},
  year = {2009},
  url = {https://vbala.gitlab.io/publication/rgc/}
}

@inproceedings{Saisubramanian2019,
  author = {Saisubramanian, S. and Galhotra, S. and Zilberstein, S.},
  title = {Balancing the Tradeoff Between Clustering Value and Interpretability},
  booktitle = {Proceedings of the AAAI/ACM Conference on AI, Ethics, and Society},
  year = {2019},
  url = {https://dl.acm.org/doi/abs/10.1145/3375627.3375843}
}

@inproceedings{Ozyegen2022,
  author = {Ozyegen, O. and Prayogo, N. and Cevik, M. and Basar, A.},
  title = {Interpretable Time Series Clustering Using Local Explanations},
  booktitle = {Proceedings of the ACM Conference on Knowledge Discovery and Data Mining},
  year = {2022},
  url = {https://arxiv.org/abs/2208.01152}
}

@inproceedings{Plant2011,
  author = {Plant, C. and Böhm, C.},
  title = {INCONCO: Interpretable clustering of numerical and categorical objects},
  booktitle = {Proceedings of the ACM SIGKDD International Conference on Knowledge Discovery and Data Mining},
  pages = {1127-1135},
  year = {2011},
  url = {https://dl.acm.org/doi/10.1145/2020408.2020584}
}

@article{Tjoa2023,
  author = {Tjoa, E. and Guan, C.},
  title = {A Survey on Explainable Artificial Intelligence (XAI): Toward Medical XAI},
  journal = {IEEE Transactions on Neural Networks and Learning Systems},
  volume = {32},
  number = {11},
  pages = {4793-4813},
  year = {2021},
  doi = {10.1109/TNNLS.2020.3027314},
  url = {http://dx.doi.org/10.1109/TNNLS.2020.3027314}
}

@inproceedings{Miklautz2021,
  author = {Miklautz, L. and Bauer, L. and Mautz, D. and Tschiatschek, S. and Böhm, C. and Plant, C.},
  title = {Deep Clustering with Consensus Representations},
  booktitle = {Proceedings of the International Joint Conference on Artificial Intelligence (IJCAI)},
  year = {2021},
  url = {https://www.ijcai.org/proceedings/2021/0389.pdf}
}

@inproceedings{Xie2016,
  author = {Xie, J. and Girshick, R. and Farhadi, A.},
  title = {Unsupervised Deep Embedding for Clustering Analysis},
  booktitle = {Proceedings of the 33rd International Conference on Machine Learning (ICML)},
  year = {2016},
  url = {https://arxiv.org/abs/1511.06335}
}

@article{Kingma2014,
  author = {Kingma, D. P. and Welling, M.},
  title = {Auto-Encoding Variational Bayes},
  journal = {International Conference on Learning Representations (ICLR)},
  year = {2014},
  url = {https://arxiv.org/abs/1312.6114}
}

@inproceedings{Zhang2021,
  author = {Zhang, H. and Davidson, I.},
  title = {Deep Descriptive Clustering},
  booktitle = {Proceedings of the 34th AAAI Conference on Artificial Intelligence (AAAI)},
  year = {2021},
  url = {https://arxiv.org/abs/2105.11549}
}

@inproceedings{Sambaturu2020,
  author = {Sambaturu, P. and Gupta, A. and Davidson, I. and Ravi, S. S. and Vullikanti, A. and Warren, A.},
  title = {Efficient Algorithms for Generating Provably Near-Optimal Cluster Descriptors for Explainability},
  booktitle = {Proceedings of the AAAI Conference on Artificial Intelligence},
  year = {2020},
  url = {https://ojs.aaai.org/index.php/AAAI/article/view/5462}
}

@article{Rishinanda2021,
  author = {Rishinanda, S. and Sebag, M.},
  title = {Deep Discriminative Clustering Analysis},
  journal = {Journal of Machine Learning Research (JMLR)},
  year = {2021},
  url = {https://jmlr.org/papers/v22/20-1142.html}
}

@inproceedings{Liu2022,
  author = {Liu, Y. and Wang, Q. and Liu, J. and Yu, P.},
  title = {Generating Natural Language Descriptions for Clusters},
  booktitle = {Proceedings of the 31st ACM International Conference on Information and Knowledge Management (CIKM)},
  year = {2022},
  url = {https://dl.acm.org/doi/10.1145/3511808.3557506}
}

@inproceedings{Chhajer2022,
  author = {Chhajer, M. and Moniri, M.},
  title = {Disentangled Representations for Clustering},
  booktitle = {Proceedings of the 2022 International Conference on Machine Learning (ICML)},
  year = {2022},
  url = {https://proceedings.mlr.press/v162/chhajer22a.html}
}

@inproceedings{Miklautz2021b,
  author = {Miklautz, L. and Teuffenbach, M. and Weber, P. and Perjuci, R. and Durani, W. and Bohm, C. and Plant, C.},
  title = {Deep Clustering With Consensus Representations},
  booktitle = {Proceedings of the International Joint Conference on Artificial Intelligence (IJCAI)},
  year = {2021},
  url = {https://www.ijcai.org/proceedings/2021/0389.pdf}
}

@inproceedings{Zhang2021b,
  author = {Zhang, H. and Davidson, I.},
  title = {Deep Descriptive Clustering},
  booktitle = {Proceedings of the 27th ACM SIGKDD Conference on Knowledge Discovery \& Data Mining},
  year = {2021},
  url = {https://dl.acm.org/doi/10.1145/3447548.3467281}
}

@article{Balachandran2009b,
  author = {Balachandran, Vipin and P, Deepak and Khemani, Deepak},
  title = {Interpretable and reconfigurable clustering of document datasets by deriving word-based rules},
  journal = {Knowledge and Information Systems},
  volume = {32},
  pages = {1773-1776},
  year = {2009},
  doi = {10.1145/1645953.1646227}
}

@inproceedings{Saisubramanian2019b,
  author = {Saisubramanian, S. and Galhotra, S. and Zilberstein, S.},
  title = {Balancing the Tradeoff Between Clustering Value and Interpretability},
  booktitle = {Proceedings of the AAAI/ACM Conference on AI, Ethics, and Society},
  year = {2019}
}

@inproceedings{Ozyegen2022b,
  author = {Ozyegen, O. and Prayogo, N. and Cevik, M. and Basar, A.},
  title = {Interpretable Time Series Clustering Using Local Explanations},
  year = {2022}
}

@inproceedings{Plant2011b,
  author = {Plant, Claudia and Böhm, Christian},
  title = {INCONCO: Interpretable clustering of numerical and categorical objects},
  booktitle = {Proceedings of the ACM SIGKDD International Conference on Knowledge Discovery and Data Mining},
  pages = {1127-1135},
  year = {2011},
  doi = {10.1145/2020408.2020584}
}

@article{Tjoa2023b,
  author = {Tjoa, E. and Guan, C.},
  title = {A Survey on Explainable Artificial Intelligence (XAI): Toward Medical XAI},
  journal = {IEEE Transactions on Neural Networks and Learning Systems},
  volume = {32},
  number = {11},
  pages = {4793–4813},
  year = {2021},
  doi = {10.1109/tnnls.2020.3027314},
  url = {http://dx.doi.org/10.1109/TNNLS.2020.3027314}
}

@inproceedings{Sambaturu2020b,
  author = {Sambaturu, Prathyush and Gupta, Aparna and Davidson, Ian and Ravi, S. S. and Vullikanti, Anil and Warren, Andrew},
  title = {Efficient algorithms for generating provably near-optimal cluster descriptors for explainability},
  booktitle = {Proceedings of the AAAI Conference on Artificial Intelligence},
  volume = {34},
  pages = {1636–1643},
  year = {2020}
}

@inproceedings{Zhang2021c,
  author = {Zhang, Hongjing and Davidson, Ian},
  title = {Deep Descriptive Clustering},
  year = {2021}
}

@article{Miklautz2022,
  author = {Lukas Miklautz and Martin Teuffenbach and Pascal Weber and Rona Perjuci and Walid Durani and Christian Bohm and Claudia Plant},
  title = {Deep Clustering With Consensus Representations},
  year = {2022}
}

@inproceedings{Xie2016b,
  author = {Xie, J. and Girshick, R. and Farhadi, A.},
  title = {Deep Embedded Clustering: A General Approach to Clustering Arbitrary Similarity Measures},
  booktitle = {Proceedings of The 33rd International Conference on Machine Learning},
  volume = {PMLR 48},
  pages = {478-487},
  year = {2016},
  url = {https://proceedings.mlr.press/v48/xieb16.html}
}

@inproceedings{Kingma2014b,
  author = {Kingma, D. P. and Welling, M.},
  title = {Auto-Encoding Variational Bayes},
  booktitle = {Proceedings of the International Conference on Learning Representations (ICLR)},
  year = {2014},
  url = {https://arxiv.org/abs/1312.6114}
}

@article{Rishinanda2021b,
  author = {Rishinanda, K. D. and Sebag, M.},
  title = {Deep Discriminative Clustering Analysis},
  journal = {Machine Learning Journal},
  year = {2021},
  url = {https://link.springer.com/article/10.1007/s10994-021-06001-7}
}

@article{Liu2022b,
  author = {Liu, J. and Liu, S. and Zhai, C.},
  title = {Interpretable Clustering with Natural Language Descriptions},
  journal = {arXiv preprint},
  year = {2022},
  url = {https://arxiv.org/abs/2210.01848}
}

@article{Chhajer2022b,
  author = {Chhajer, A. and Moniri, R.},
  title = {Interpretable Clustering via Disentangled Representations},
  journal = {arXiv preprint},
  year = {2022},
  url = {https://arxiv.org/abs/2201.06263}
}
